id,price,qty,quoteQty,time,isBuyerMaker,isBestMatch
178089984,0.02528100,0.01200000,0.00030337,1591232954127,False,True
178089985,0.02527800,0.28100000,0.00710311,1591232954539,True,True
178089986,0.02528100,0.10900000,0.00275562,1591232954833,False,True
178089987,0.02528100,0.30000000,0.00758430,1591232954833,False,True
178089988,0.02528100,1.66500000,0.04209286,1591232954921,False,True
178089989,0.02527800,1.51300000,0.03824561,1591232955187,True,True
178089990,0.02528000,0.39500000,0.00998560,1591232955205,False,True
178089991,0.02527800,0.14800000,0.00374114,1591232955294,True,True
178089992,0.02527800,0.18100000,0.00457531,1591232955391,True,True
178089993,0.02528000,0.67500000,0.01706400,1591232955402,False,True
178089994,0.02528100,12.66900000,0.32028498,1591232955402,False,True
178089995,0.02528000,17.93000000,0.45327040,1591232955500,True,True
178089996,0.02527900,15.69000000,0.39662751,1591232955604,True,True
178089997,0.02527900,0.47800000,0.01208336,1591232955956,True,True
178089998,0.02527900,0.10000000,0.00252790,1591232956777,True,True
178089999,0.02527900,108.23200000,2.73599672,1591232959751,True,True
178090000,0.02527900,24.00000000,0.60669600,1591232959751,True,True
178090001,0.02528200,1.39100000,0.03516726,1591232960907,False,True
178090002,0.02528300,1.14000000,0.02882262,1591232960907,False,True
178090003,0.02527900,0.29000000,0.00733091,1591232961121,True,True
178090004,0.02528000,0.57800000,0.01461184,1591232961230,True,True
178090005,0.02528000,0.97300000,0.02459744,1591232961436,True,True
178090006,0.02528000,10.11900000,0.25580832,1591232961752,True,True
178090007,0.02528000,3.67400000,0.09287872,1591232961868,True,True
178090008,0.02528000,0.08200000,0.00207296,1591232961968,True,True
178090009,0.02528000,0.35200000,0.00889856,1591232961997,True,True
178090010,0.02528000,0.28200000,0.00712896,1591232962064,True,True
178090011,0.02528000,0.63000000,0.01592640,1591232962901,True,True
178090012,0.02528000,0.24700000,0.00624416,1591232963638,True,True
178090013,0.02528000,2.55800000,0.06466624,1591232963956,True,True
178090014,0.02528000,2.11100000,0.05336608,1591232965678,True,True
178090015,0.02528000,3.95400000,0.09995712,1591232972046,True,True
178090016,0.02528300,0.03100000,0.00078377,1591232972890,False,True
178090017,0.02527800,7.97800000,0.20166788,1591232973512,True,True
178090018,0.02528200,0.61100000,0.01544730,1591232973611,False,True
178090019,0.02528200,0.58500000,0.01478997,1591232973734,False,True
178090020,0.02527800,3.27100000,0.08268433,1591232974736,True,True
178090021,0.02527700,0.17100000,0.00432236,1591232974847,True,True
178090022,0.02528100,0.08700000,0.00219944,1591232975923,False,True
178090023,0.02527800,3.27100000,0.08268433,1591232975987,True,True
178090024,0.02527800,3.27100000,0.08268433,1591232975987,True,True
178090025,0.02528100,0.51200000,0.01294387,1591232976121,False,True
178090026,0.02528100,0.00400000,0.00010112,1591232977139,False,True
178090027,0.02528100,1.32300000,0.03344676,1591232977343,False,True
178090028,0.02528200,4.12500000,0.10428825,1591232977343,False,True
178090029,0.02528200,0.79100000,0.01999806,1591232977362,False,True
178090030,0.02527800,0.39300000,0.00993425,1591232977662,True,True
178090031,0.02528200,0.00400000,0.00010112,1591232978155,False,True
178090032,0.02527700,0.08100000,0.00204743,1591232978811,True,True
178090033,0.02527700,0.77800000,0.01966550,1591232979239,True,True
178090034,0.02527700,3.17600000,0.08027975,1591232979239,True,True
178090035,0.02527700,0.04400000,0.00111218,1591232981283,True,True
178090036,0.02527600,0.03300000,0.00083410,1591232981283,True,True
178090037,0.02527400,0.19400000,0.00490315,1591232981283,True,True
178090038,0.02527500,0.02000000,0.00050550,1591232982001,True,True
178090039,0.02527500,0.01100000,0.00027802,1591232982277,True,True
178090040,0.02527500,0.25000000,0.00631875,1591232983519,True,True
178090041,0.02527500,0.25000000,0.00631875,1591232983617,True,True
178090042,0.02527500,0.66900000,0.01690897,1591232983726,True,True
178090043,0.02527500,0.22800000,0.00576270,1591232985209,True,True
178090044,0.02527500,3.95400000,0.09993735,1591232986420,True,True
178090045,0.02527900,0.00700000,0.00017695,1591232987373,False,True
178090046,0.02528000,0.39100000,0.00988448,1591232987373,False,True
178090047,0.02528000,7.01400000,0.17731392,1591232987373,False,True
178090048,0.02527500,0.63300000,0.01599907,1591232989426,True,True
178090049,0.02527500,1.00000000,0.02527500,1591232989585,True,True
178090050,0.02527500,1.66900000,0.04218397,1591232989844,True,True
178090051,0.02527800,0.00700000,0.00017694,1591232990025,False,True
178090052,0.02527900,1.92600000,0.04868735,1591232990025,False,True
178090053,0.02527900,0.14400000,0.00364017,1591232990025,False,True
178090054,0.02527400,0.00700000,0.00017691,1591232993618,True,True
178090055,0.02527300,3.94700000,0.09975253,1591232993618,True,True
178090056,0.02527400,7.80400000,0.19723829,1591232997017,True,True
178090057,0.02527800,0.00700000,0.00017694,1591233000039,False,True
178090058,0.02527900,3.89400000,0.09843642,1591233000039,False,True
178090059,0.02528000,0.02200000,0.00055616,1591233000039,False,True
178090060,0.02527400,0.00700000,0.00017691,1591233000815,True,True
178090061,0.02527300,1.05300000,0.02661246,1591233000815,True,True
178090062,0.02527200,2.89400000,0.07313716,1591233000815,True,True
178090063,0.02527700,0.00700000,0.00017693,1591233002934,False,True
178090064,0.02527800,3.69900000,0.09350332,1591233002934,False,True
178090065,0.02527400,0.98900000,0.02499598,1591233006547,True,True
178090066,0.02527400,0.98900000,0.02499598,1591233006650,True,True
178090067,0.02527300,0.00700000,0.00017691,1591233007278,True,True
178090068,0.02527200,0.11200000,0.00283046,1591233007278,True,True
178090069,0.02527200,6.29700000,0.15913778,1591233007389,True,True
178090070,0.02527200,1.12800000,0.02850681,1591233007494,True,True
178090071,0.02527200,0.28800000,0.00727833,1591233007695,True,True
178090072,0.02527400,0.40500000,0.01023597,1591233007707,False,True
178090073,0.02527100,19.89500000,0.50276654,1591233007803,True,True
178090074,0.02527100,14.03700000,0.35472902,1591233007907,True,True
178090075,0.02527000,1.92400000,0.04861948,1591233008012,True,True
178090076,0.02526800,0.00500000,0.00012634,1591233008017,True,True
178090077,0.02526700,0.04700000,0.00118754,1591233008017,True,True
178090078,0.02526600,0.00800000,0.00020212,1591233008017,True,True
178090079,0.02526500,0.04000000,0.00101060,1591233008017,True,True
178090080,0.02526500,2.04600000,0.05169219,1591233008017,True,True
178090081,0.02526400,0.45000000,0.01136880,1591233008017,True,True
178090082,0.02526400,0.00600000,0.00015158,1591233008017,True,True
178090083,0.02526400,1.00000000,0.02526400,1591233008017,True,True
178090084,0.02526300,0.35200000,0.00889257,1591233008017,True,True
178090085,0.02527100,0.78400000,0.01981246,1591233008123,False,True
178090086,0.02527200,0.00700000,0.00017690,1591233008123,False,True
178090087,0.02527200,0.05900000,0.00149104,1591233008123,False,True
178090088,0.02527200,0.15900000,0.00401824,1591233008129,False,True
178090089,0.02527200,0.66400000,0.01678060,1591233008619,False,True
178090090,0.02527200,0.00600000,0.00015163,1591233009399,False,True
178090091,0.02527200,0.09500000,0.00240084,1591233010066,False,True
178090092,0.02527200,0.01700000,0.00042962,1591233010668,False,True
178090093,0.02527400,5.42700000,0.13716199,1591233012131,False,True
178090094,0.02527400,8.55400000,0.21619379,1591233012131,False,True
178090095,0.02527300,0.02300000,0.00058127,1591233012285,False,True
178090096,0.02527400,0.72100000,0.01822255,1591233012348,False,True
178090097,0.02527300,1.08300000,0.02737065,1591233012623,False,True
178090098,0.02527600,3.30700000,0.08358773,1591233015021,True,True
178090099,0.02527500,0.00700000,0.00017692,1591233015197,True,True
178090100,0.02527400,0.48200000,0.01218206,1591233015197,True,True
178090101,0.02527600,0.25700000,0.00649593,1591233017357,True,True
178090102,0.02527500,0.00700000,0.00017692,1591233022390,True,True
178090103,0.02527400,3.94700000,0.09975647,1591233022390,True,True
178090104,0.02527400,3.56000000,0.08997544,1591233022429,True,True
178090105,0.02527900,0.00700000,0.00017695,1591233025818,False,True
178090106,0.02528000,1.00500000,0.02540640,1591233025818,False,True
178090107,0.02527900,0.00700000,0.00017695,1591233030008,False,True
178090108,0.02527900,1.72800000,0.04368211,1591233030093,True,True
178090109,0.02527500,0.00700000,0.00017692,1591233030093,True,True
178090110,0.02527400,2.21900000,0.05608300,1591233030093,True,True
178090111,0.02528000,2.08300000,0.05265824,1591233030171,False,True
178090112,0.02528000,1.08200000,0.02735296,1591233030304,True,True
178090113,0.02527500,0.00700000,0.00017692,1591233032144,True,True
178090114,0.02527500,0.01400000,0.00035385,1591233034884,False,True
178090115,0.02527500,0.00800000,0.00020220,1591233044016,False,True
178090116,0.02528100,0.00700000,0.00017696,1591233044016,False,True
178090117,0.02528100,0.98500000,0.02490178,1591233044016,False,True
178090118,0.02527600,5.00000000,0.12638000,1591233046154,True,True
178090119,0.02527600,6.96600000,0.17607261,1591233047205,True,True
178090120,0.02527600,1.28100000,0.03237855,1591233053901,True,True
178090121,0.02528000,0.00700000,0.00017696,1591233055760,False,True
178090122,0.02528100,1.99300000,0.05038503,1591233055760,False,True
178090123,0.02527800,0.01000000,0.00025278,1591233055970,True,True
178090124,0.02527600,0.00600000,0.00015165,1591233055997,True,True
178090125,0.02527600,3.45300000,0.08727802,1591233055997,True,True
178090126,0.02527500,0.00700000,0.00017692,1591233056012,True,True
178090127,0.02527000,2.64300000,0.06678861,1591233056012,True,True
178090128,0.02526900,0.80900000,0.02044262,1591233056012,True,True
178090129,0.02527400,0.07300000,0.00184500,1591233056785,False,True
178090130,0.02527400,0.02600000,0.00065712,1591233056827,False,True
178090131,0.02527400,0.01200000,0.00030328,1591233057397,False,True
178090132,0.02527000,0.00700000,0.00017689,1591233058997,True,True
178090133,0.02527000,0.08000000,0.00202160,1591233058997,True,True
178090134,0.02527000,0.01700000,0.00042959,1591233058997,True,True
178090135,0.02527300,1.39100000,0.03515474,1591233059749,False,True
178090136,0.02527400,13.75900000,0.34774496,1591233059749,False,True
178090137,0.02527000,0.10000000,0.00252700,1591233059846,True,True
178090138,0.02526900,0.35300000,0.00891995,1591233061495,True,True
178090139,0.02527300,0.00700000,0.00017691,1591233061934,False,True
178090140,0.02527400,0.24400000,0.00616685,1591233061934,False,True
178090141,0.02527400,0.04200000,0.00106150,1591233061989,False,True
178090142,0.02526900,0.06100000,0.00154140,1591233061993,True,True
178090143,0.02527400,0.00400000,0.00010109,1591233063020,False,True
178090144,0.02527400,0.09400000,0.00237575,1591233064605,False,True
178090145,0.02527000,0.39700000,0.01003219,1591233066383,True,True
178090146,0.02527000,0.11400000,0.00288078,1591233066451,True,True
178090147,0.02527400,1.67700000,0.04238449,1591233068737,False,True
178090148,0.02527400,0.28000000,0.00707672,1591233068752,False,True
178090149,0.02527400,2.17400000,0.05494567,1591233068753,False,True
178090150,0.02527400,0.66300000,0.01675666,1591233068839,False,True
178090151,0.02527400,0.13300000,0.00336144,1591233070396,False,True
178090152,0.02527400,0.24000000,0.00606576,1591233072172,False,True
178090153,0.02527400,0.65000000,0.01642810,1591233072384,False,True
178090154,0.02527400,3.63900000,0.09197208,1591233074469,False,True
178090155,0.02527400,5.00000000,0.12637000,1591233074788,False,True
178090156,0.02527400,3.14600000,0.07951200,1591233075196,False,True
178090157,0.02527400,0.97500000,0.02464215,1591233076753,True,True
178090158,0.02527700,0.00700000,0.00017693,1591233078430,False,True
178090159,0.02527800,0.49300000,0.01246205,1591233078430,False,True
178090160,0.02527300,0.00700000,0.00017691,1591233087190,True,True
178090161,0.02527100,0.98900000,0.02499301,1591233087190,True,True
178090162,0.02527100,1.07900000,0.02726740,1591233087190,True,True
178090163,0.02527200,0.00700000,0.00017690,1591233087360,True,True
178090164,0.02527100,0.98900000,0.02499301,1591233087457,True,True
178090165,0.02527100,0.00100000,0.00002527,1591233087689,True,True
178090166,0.02526600,5.28200000,0.13345501,1591233087689,True,True
178090167,0.02526600,1.25300000,0.03165829,1591233087871,True,True
178090168,0.02526700,0.04200000,0.00106121,1591233088184,False,True
178090169,0.02526400,2.51300000,0.06348843,1591233089122,True,True
178090170,0.02526900,0.00500000,0.00012634,1591233089405,False,True
178090171,0.02526700,0.41800000,0.01056160,1591233095228,True,True
178090172,0.02526600,3.54700000,0.08961850,1591233095228,True,True
178090173,0.02526600,0.35600000,0.00899469,1591233095235,True,True
178090174,0.02526600,0.00600000,0.00015159,1591233095267,True,True
178090175,0.02526500,0.11400000,0.00288021,1591233095267,True,True
178090176,0.02526700,0.21600000,0.00545767,1591233108878,True,True
178090177,0.02526700,0.39600000,0.01000573,1591233108926,True,True
178090178,0.02526700,0.39600000,0.01000573,1591233108934,True,True
178090179,0.02526700,0.39600000,0.01000573,1591233108934,True,True
178090180,0.02526700,0.39600000,0.01000573,1591233108935,True,True
178090181,0.02526700,0.39600000,0.01000573,1591233108935,True,True
178090182,0.02526700,0.39600000,0.01000573,1591233108936,True,True
178090183,0.02526700,0.27600000,0.00697369,1591233108941,True,True
178090184,0.02526600,0.12000000,0.00303192,1591233108941,True,True
178090185,0.02526600,0.71000000,0.01793886,1591233108944,True,True
178090186,0.02526600,0.04500000,0.00113697,1591233108952,True,True
178090187,0.02526600,0.59900000,0.01513433,1591233108992,True,True
178090188,0.02526600,0.01800000,0.00045478,1591233109004,True,True
178090189,0.02526600,1.04400000,0.02637770,1591233109236,True,True
178090190,0.02526600,0.97300000,0.02458381,1591233109238,True,True
178090191,0.02526600,0.68300000,0.01725667,1591233109247,True,True
178090192,0.02526600,0.33000000,0.00833778,1591233109247,True,True
178090193,0.02526900,0.00700000,0.00017688,1591233111447,False,True
178090194,0.02527200,2.07300000,0.05238885,1591233111447,False,True
178090195,0.02526700,2.07900000,0.05253009,1591233111500,True,True
178090196,0.02527100,0.00700000,0.00017689,1591233111551,False,True
178090197,0.02527200,0.39300000,0.00993189,1591233111551,False,True
178090198,0.02527300,1.67700000,0.04238282,1591233111551,False,True
178090199,0.02527100,1.69200000,0.04275853,1591233113819,False,True
178090200,0.02527300,0.12200000,0.00308330,1591233119189,False,True
178090201,0.02527000,0.20400000,0.00515508,1591233119938,True,True
178090202,0.02526900,0.00700000,0.00017688,1591233123053,True,True
178090203,0.02526800,0.41400000,0.01046095,1591233123053,True,True
178090204,0.02526800,0.42100000,0.01063782,1591233123054,True,True
178090205,0.02526800,0.42100000,0.01063782,1591233123054,True,True
178090206,0.02526800,0.42100000,0.01063782,1591233123054,True,True
178090207,0.02526800,0.42100000,0.01063782,1591233123054,True,True
178090208,0.02526800,0.42100000,0.01063782,1591233123054,True,True
178090209,0.02526800,0.42100000,0.01063782,1591233123055,True,True
178090210,0.02526800,0.42100000,0.01063782,1591233123055,True,True
178090211,0.02526800,0.42100000,0.01063782,1591233123055,True,True
178090212,0.02526800,0.42100000,0.01063782,1591233123056,True,True
178090213,0.02526800,0.42100000,0.01063782,1591233123056,True,True
178090214,0.02526800,0.42100000,0.01063782,1591233123056,True,True
178090215,0.02526800,0.42100000,0.01063782,1591233123056,True,True
178090216,0.02526800,0.42100000,0.01063782,1591233123056,True,True
178090217,0.02526800,0.42100000,0.01063782,1591233123056,True,True
178090218,0.02526800,0.42100000,0.01063782,1591233123056,True,True
178090219,0.02526800,0.42100000,0.01063782,1591233123057,True,True
178090220,0.02526800,0.42100000,0.01063782,1591233123057,True,True
178090221,0.02526800,0.42100000,0.01063782,1591233123057,True,True
178090222,0.02526800,0.42100000,0.01063782,1591233123057,True,True
178090223,0.02526800,0.42100000,0.01063782,1591233123057,True,True
178090224,0.02526800,0.42100000,0.01063782,1591233123057,True,True
178090225,0.02526800,0.42100000,0.01063782,1591233123058,True,True
178090226,0.02526800,0.42100000,0.01063782,1591233123058,True,True
178090227,0.02526800,0.42100000,0.01063782,1591233123058,True,True
178090228,0.02526800,0.42100000,0.01063782,1591233123059,True,True
178090229,0.02526800,0.42100000,0.01063782,1591233123059,True,True
178090230,0.02526800,0.42100000,0.01063782,1591233123059,True,True
178090231,0.02526800,0.42100000,0.01063782,1591233123060,True,True
178090232,0.02526800,0.42100000,0.01063782,1591233123060,True,True
178090233,0.02526800,0.42100000,0.01063782,1591233123060,True,True
178090234,0.02526800,0.42100000,0.01063782,1591233123060,True,True
178090235,0.02526800,0.42100000,0.01063782,1591233123061,True,True
178090236,0.02526800,0.42100000,0.01063782,1591233123061,True,True
178090237,0.02526800,0.42100000,0.01063782,1591233123061,True,True
178090238,0.02526800,0.42100000,0.01063782,1591233123061,True,True
178090239,0.02526800,0.42100000,0.01063782,1591233123061,True,True
178090240,0.02526800,0.42100000,0.01063782,1591233123061,True,True
178090241,0.02526800,0.42100000,0.01063782,1591233123062,True,True
178090242,0.02526800,0.42100000,0.01063782,1591233123063,True,True
178090243,0.02526800,0.42100000,0.01063782,1591233123064,True,True
178090244,0.02526800,0.42100000,0.01063782,1591233123064,True,True
178090245,0.02526800,0.42100000,0.01063782,1591233123066,True,True
178090246,0.02526800,0.42100000,0.01063782,1591233123067,True,True
178090247,0.02526800,0.41200000,0.01041041,1591233123067,True,True
178090248,0.02526800,0.42100000,0.01063782,1591233123089,True,True
178090249,0.02526700,0.06000000,0.00151602,1591233123127,True,True
178090250,0.02527200,0.02100000,0.00053071,1591233123147,False,True
178090251,0.02527200,1.02200000,0.02582798,1591233123177,False,True
178090252,0.02526800,0.26600000,0.00672128,1591233127024,True,True
178090253,0.02526800,23.73400000,0.59971071,1591233127692,True,True
178090254,0.02526700,101.10900000,2.55472110,1591233127692,True,True
178090255,0.02526900,0.98900000,0.02499104,1591233128694,True,True
178090256,0.02526900,0.98900000,0.02499104,1591233130770,True,True
178090257,0.02527000,1.00000000,0.02527000,1591233134832,False,True
178090258,0.02527100,1.00000000,0.02527100,1591233134935,False,True
178090259,0.02527200,1.00000000,0.02527200,1591233135156,False,True
178090260,0.02527300,1.00000000,0.02527300,1591233135364,False,True
178090261,0.02527300,3.95500000,0.09995471,1591233137243,True,True
178090262,0.02527000,1.97800000,0.04998406,1591233145978,True,True
178090263,0.02526900,0.00100000,0.00002526,1591233146307,True,True
178090264,0.02527300,0.00700000,0.00017691,1591233155749,False,True
178090265,0.02527400,0.06300000,0.00159226,1591233155749,False,True
178090266,0.02527400,0.03100000,0.00078349,1591233155856,False,True
178090267,0.02527400,0.53600000,0.01354686,1591233159830,False,True
178090268,0.02527800,10.45500000,0.26428149,1591233165060,False,True
178090269,0.02527800,0.06900000,0.00174418,1591233168068,False,True
178090270,0.02527200,0.00700000,0.00017690,1591233168695,True,True
178090271,0.02527200,0.62800000,0.01587081,1591233168695,True,True
178090272,0.02527700,0.00700000,0.00017693,1591233169714,False,True
178090273,0.02527800,0.07700000,0.00194640,1591233169714,False,True
178090274,0.02527300,0.00700000,0.00017691,1591233170767,True,True
178090275,0.02527200,0.01500000,0.00037908,1591233170767,True,True
178090276,0.02527300,0.00700000,0.00017691,1591233173749,True,True
178090277,0.02527300,2.05100000,0.05183492,1591233173875,True,True
178090278,0.02527100,2.03200000,0.05135067,1591233173875,True,True
178090279,0.02527100,0.01500000,0.00037906,1591233174021,True,True
178090280,0.02527100,0.01600000,0.00040433,1591233177548,True,True
178090281,0.02527200,0.05400000,0.00136468,1591233201859,True,True
178090282,0.02527700,0.00700000,0.00017693,1591233216025,False,True
178090283,0.02528000,0.01700000,0.00042976,1591233217027,False,True
178090284,0.02528200,0.00700000,0.00017697,1591233220046,True,True
178090285,0.02528200,0.02400000,0.00060676,1591233220046,True,True
178090286,0.02528100,0.78800000,0.01992142,1591233220046,True,True
178090287,0.02528400,0.05500000,0.00139062,1591233225169,False,True
178090288,0.02528500,0.00700000,0.00017699,1591233228046,False,True
178090289,0.02528700,19.40900000,0.49079538,1591233228046,False,True
178090290,0.02528900,0.00700000,0.00017702,1591233234358,False,True
178090291,0.02528900,0.02700000,0.00068280,1591233234358,False,True
178090292,0.02528500,0.00700000,0.00017699,1591233243013,True,True
178090293,0.02528500,0.06200000,0.00156767,1591233243013,True,True
178090294,0.02528500,0.00100000,0.00002528,1591233243116,True,True
178090295,0.02528500,4.04800000,0.10235368,1591233243116,True,True
178090296,0.02528300,0.00700000,0.00017698,1591233248245,True,True
178090297,0.02528200,0.29300000,0.00740762,1591233248245,True,True
178090298,0.02528700,4.39500000,0.11113636,1591233249944,False,True
178090299,0.02528700,4.07300000,0.10299395,1591233253686,False,True
178090300,0.02528700,2.01000000,0.05082687,1591233253862,False,True
178090301,0.02528500,0.02300000,0.00058155,1591233255420,True,True
178090302,0.02528700,0.03800000,0.00096090,1591233258632,False,True
178090303,0.02528700,0.06600000,0.00166894,1591233258740,False,True
178090304,0.02528500,0.06700000,0.00169409,1591233260092,True,True
178090305,0.02528500,0.08100000,0.00204808,1591233260123,True,True
178090306,0.02528500,0.27300000,0.00690280,1591233260637,True,True
178090307,0.02528500,6.74500000,0.17054732,1591233261058,True,True
178090308,0.02528500,3.94700000,0.09979989,1591233264970,True,True
178090309,0.02528600,1.39100000,0.03517282,1591233265394,False,True
178090310,0.02528700,0.79400000,0.02007787,1591233265394,False,True
178090311,0.02528300,0.98900000,0.02500488,1591233265494,True,True
178090312,0.02528300,0.98900000,0.02500488,1591233265566,True,True
178090313,0.02527900,0.25000000,0.00631975,1591233265607,True,True
178090314,0.02527800,0.00500000,0.00012639,1591233265628,True,True
178090315,0.02527800,1.44800000,0.03660254,1591233265628,True,True
178090316,0.02527400,5.00000000,0.12637000,1591233265709,True,True
178090317,0.02527300,2.04800000,0.05175910,1591233265918,True,True
178090318,0.02526600,1.90000000,0.04800540,1591233266152,True,True
178090319,0.02526600,5.02600000,0.12698691,1591233266337,True,True
178090320,0.02527000,0.00500000,0.00012635,1591233266401,False,True
178090321,0.02526600,0.12600000,0.00318351,1591233266560,True,True
178090322,0.02526600,0.71300000,0.01801465,1591233266652,True,True
178090323,0.02526600,0.20200000,0.00510373,1591233266654,True,True
178090324,0.02526600,1.33500000,0.03373011,1591233266710,True,True
178090325,0.02526900,0.12200000,0.00308281,1591233267782,False,True
178090326,0.02526900,0.38100000,0.00962748,1591233267784,False,True
178090327,0.02527000,2.23900000,0.05657953,1591233267784,False,True
178090328,0.02527100,0.00700000,0.00017689,1591233267784,False,True
178090329,0.02527300,1.00000000,0.02527300,1591233267784,False,True
178090330,0.02527300,5.83500000,0.14746795,1591233267784,False,True
178090331,0.02527400,18.28000000,0.46200872,1591233267784,False,True
178090332,0.02527300,0.00700000,0.00017691,1591233267806,False,True
178090333,0.02527300,0.11400000,0.00288112,1591233267806,False,True
178090334,0.02527300,0.12100000,0.00305803,1591233267825,False,True
178090335,0.02527300,0.10700000,0.00270421,1591233267938,False,True
178090336,0.02527300,0.14300000,0.00361403,1591233269215,False,True
178090337,0.02527300,1.00000000,0.02527300,1591233269215,False,True
178090338,0.02527400,4.57700000,0.11567909,1591233269215,False,True
178090339,0.02527000,0.15500000,0.00391685,1591233270636,True,True
178090340,0.02527900,18.63400000,0.47104888,1591233285723,False,True
178090341,0.02528000,1.00000000,0.02528000,1591233285828,False,True
178090342,0.02528600,2.19600000,0.05552805,1591233287177,False,True
178090343,0.02528700,0.30400000,0.00768724,1591233287177,False,True
178090344,0.02528600,0.19300000,0.00488019,1591233297303,False,True
178090345,0.02528600,0.85100000,0.02151838,1591233300077,False,True
178090346,0.02528600,0.83900000,0.02121495,1591233302374,False,True
178090347,0.02528600,0.05500000,0.00139073,1591233302381,False,True
178090348,0.02528200,0.00700000,0.00017697,1591233305548,True,True
178090349,0.02528200,1.00000000,0.02528200,1591233305878,True,True
178090350,0.02528100,2.21400000,0.05597213,1591233305878,True,True
178090351,0.02528200,0.36000000,0.00910152,1591233306067,True,True
178090352,0.02528200,0.01300000,0.00032866,1591233306284,True,True
178090353,0.02528100,1.00000000,0.02528100,1591233306284,True,True
178090354,0.02527700,19.98700000,0.50521139,1591233306284,True,True
178090355,0.02528500,0.00700000,0.00017699,1591233315259,False,True
178090356,0.02528600,0.07500000,0.00189645,1591233315259,False,True
178090357,0.02528300,0.41600000,0.01051772,1591233315861,True,True
178090358,0.02528300,0.57300000,0.01448715,1591233316060,True,True
178090359,0.02528300,0.37900000,0.00958225,1591233317199,True,True
178090360,0.02528300,0.46500000,0.01175659,1591233317205,True,True
178090361,0.02528300,0.14500000,0.00366603,1591233317237,True,True
178090362,0.02528100,0.01900000,0.00048033,1591233317237,True,True
178090363,0.02528100,0.18700000,0.00472754,1591233319636,True,True
178090364,0.02528400,2.00000000,0.05056800,1591233324699,False,True
178090365,0.02528300,0.01600000,0.00040452,1591233326774,False,True
178090366,0.02528400,0.01500000,0.00037926,1591233328835,False,True
178090367,0.02528000,0.00700000,0.00017696,1591233329384,True,True
178090368,0.02528000,4.16400000,0.10526592,1591233329384,True,True
178090369,0.02527600,0.00700000,0.00017693,1591233330467,True,True
178090370,0.02527100,0.10900000,0.00275453,1591233330533,False,True
178090371,0.02527100,1.61300000,0.04076212,1591233330572,False,True
178090372,0.02527300,0.85000000,0.02148205,1591233332019,False,True
178090373,0.02527300,0.05000000,0.00126365,1591233332933,False,True
178090374,0.02527300,0.95800000,0.02421153,1591233336910,False,True
178090375,0.02527400,0.77100000,0.01948625,1591233337470,False,True
178090376,0.02527600,1.00000000,0.02527600,1591233338767,False,True
178090377,0.02528000,0.00700000,0.00017696,1591233339095,False,True
178090378,0.02528000,1.00000000,0.02528000,1591233339095,False,True
178090379,0.02528200,0.02600000,0.00065733,1591233340356,False,True
178090380,0.02527900,0.15900000,0.00401936,1591233343793,True,True
178090381,0.02528300,0.00700000,0.00017698,1591233349502,False,True
178090382,0.02528400,0.00900000,0.00022755,1591233349502,False,True
178090383,0.02527900,0.30700000,0.00776065,1591233349708,True,True
178090384,0.02527900,0.49300000,0.01246254,1591233352486,True,True
178090385,0.02527800,0.00700000,0.00017694,1591233354471,True,True
178090386,0.02527800,0.25600000,0.00647116,1591233354471,True,True
178090387,0.02527800,0.20500000,0.00518199,1591233354591,True,True
178090388,0.02528200,0.05700000,0.00144107,1591233359833,False,True
178090389,0.02528200,0.35700000,0.00902567,1591233359833,False,True
178090390,0.02528200,0.04500000,0.00113769,1591233360090,False,True
178090391,0.02527800,0.05700000,0.00144084,1591233360234,True,True
178090392,0.02527800,0.00500000,0.00012639,1591233361890,True,True
178090393,0.02528200,0.05700000,0.00144107,1591233361915,False,True
178090394,0.02528300,0.33100000,0.00836867,1591233361915,False,True
178090395,0.02528300,0.94700000,0.02394300,1591233366448,False,True
178090396,0.02528300,0.09800000,0.00247773,1591233366962,False,True
178090397,0.02528300,0.00700000,0.00017698,1591233371411,False,True
178090398,0.02528700,0.01200000,0.00030344,1591233375146,False,True
178090399,0.02528800,0.12600000,0.00318628,1591233376212,False,True
178090400,0.02528500,0.37100000,0.00938073,1591233376251,True,True
178090401,0.02528800,0.01600000,0.00040460,1591233379221,False,True
178090402,0.02528800,0.01600000,0.00040460,1591233379337,False,True
178090403,0.02528500,0.29800000,0.00753493,1591233379823,True,True
178090404,0.02528500,0.02000000,0.00050570,1591233389855,True,True
178090405,0.02528500,0.26300000,0.00664995,1591233391923,True,True
178090406,0.02528800,0.26300000,0.00665074,1591233392030,False,True
178090407,0.02528800,0.50000000,0.01264400,1591233393016,False,True
178090408,0.02528800,0.26300000,0.00665074,1591233395030,False,True
178090409,0.02528800,0.40900000,0.01034279,1591233395999,False,True
178090410,0.02528800,5.69600000,0.14404044,1591233396213,False,True
178090411,0.02528800,1.42400000,0.03601011,1591233396378,False,True
178090412,0.02528800,1.41600000,0.03580780,1591233396379,False,True
178090413,0.02528800,0.34600000,0.00874964,1591233396397,False,True
178090414,0.02528800,5.12300000,0.12955042,1591233396442,False,True
178090415,0.02529000,5.00000000,0.12645000,1591233396510,False,True
178090416,0.02529200,0.22800000,0.00576657,1591233396936,False,True
178090417,0.02529100,0.05300000,0.00134042,1591233397540,True,True
178090418,0.02529100,0.05300000,0.00134042,1591233397564,True,True
178090419,0.02529400,1.83300000,0.04636390,1591233397983,False,True
178090420,0.02529400,0.02000000,0.00050588,1591233398408,False,True
178090421,0.02529400,0.01700000,0.00042999,1591233398651,False,True
178090422,0.02529300,0.59500000,0.01504933,1591233398960,True,True
178090423,0.02529200,0.28000000,0.00708176,1591233399071,True,True
178090424,0.02529200,1.11100000,0.02809941,1591233399072,True,True
178090425,0.02529200,16.14600000,0.40836463,1591233399072,True,True
178090426,0.02529200,5.99300000,0.15157495,1591233399072,True,True
178090427,0.02529200,0.13400000,0.00338912,1591233399082,True,True
178090428,0.02529000,2.27900000,0.05763591,1591233399276,True,True
178090429,0.02529000,2.48700000,0.06289623,1591233399378,True,True
178090430,0.02529000,0.08100000,0.00204849,1591233399486,True,True
178090431,0.02529000,0.62800000,0.01588212,1591233399595,True,True
178090432,0.02529000,0.19600000,0.00495684,1591233399788,True,True
178090433,0.02529000,0.05500000,0.00139095,1591233405619,False,True
178090434,0.02528900,0.00700000,0.00017702,1591233410664,True,True
178090435,0.02528600,1.00000000,0.02528600,1591233410664,True,True
178090436,0.02528400,0.98900000,0.02500587,1591233410664,True,True
178090437,0.02528400,0.98900000,0.02500587,1591233410664,True,True
178090438,0.02528300,0.96900000,0.02449922,1591233410664,True,True
178090439,0.02528600,0.22000000,0.00556292,1591233411638,False,True
178090440,0.02528600,0.58200000,0.01471645,1591233411948,False,True
178090441,0.02528600,0.58900000,0.01489345,1591233412057,False,True
178090442,0.02528400,0.00700000,0.00017698,1591233412191,True,True
178090443,0.02528300,0.00900000,0.00022754,1591233412191,True,True
178090444,0.02528600,2.78200000,0.07034565,1591233414987,False,True
178090445,0.02528700,20.92600000,0.52915576,1591233414987,False,True
178090446,0.02528700,0.41500000,0.01049410,1591233415897,False,True
178090447,0.02528700,1.19200000,0.03014210,1591233415898,False,True
178090448,0.02528400,1.00000000,0.02528400,1591233415944,True,True
178090449,0.02528300,0.19200000,0.00485433,1591233415944,True,True
178090450,0.02528700,1.19100000,0.03011681,1591233416002,False,True
178090451,0.02528300,0.20400000,0.00515773,1591233416039,True,True
178090452,0.02528400,1.00000000,0.02528400,1591233417862,True,True
178090453,0.02528300,0.11900000,0.00300867,1591233417862,True,True
178090454,0.02528200,2.83500000,0.07167447,1591233417862,True,True
178090455,0.02528300,0.20400000,0.00515773,1591233420056,True,True
178090456,0.02528300,0.79600000,0.02012526,1591233425060,True,True
178090457,0.02528200,3.15800000,0.07984055,1591233425060,True,True
178090458,0.02528200,3.95400000,0.09996502,1591233432258,True,True
178090459,0.02528600,0.29200000,0.00738351,1591233432827,False,True
178090460,0.02528700,10.53500000,0.26639854,1591233435747,False,True
178090461,0.02528300,0.98900000,0.02500488,1591233440506,True,True
178090462,0.02528300,0.98900000,0.02500488,1591233440506,True,True
178090463,0.02528200,1.05500000,0.02667251,1591233440506,True,True
178090464,0.02528300,1.00000000,0.02528300,1591233447738,True,True
178090465,0.02528200,2.95400000,0.07468302,1591233447738,True,True
178090466,0.02528300,0.96200000,0.02432224,1591233451388,True,True
178090467,0.02528300,0.03800000,0.00096075,1591233451391,True,True
178090468,0.02528200,0.69500000,0.01757099,1591233451391,True,True
178090469,0.02528800,0.00700000,0.00017701,1591233454913,False,True
178090470,0.02528800,0.78400000,0.01982579,1591233454944,True,True
178090471,0.02528600,0.54900000,0.01388201,1591233454944,True,True
178090472,0.02528500,2.62100000,0.06627198,1591233454944,True,True
178090473,0.02529000,0.37200000,0.00940788,1591233454951,False,True
178090474,0.02529000,0.17000000,0.00429930,1591233456639,False,True
178090475,0.02529000,0.31700000,0.00801693,1591233457865,False,True
178090476,0.02529000,0.35700000,0.00902853,1591233457983,False,True
178090477,0.02529000,0.01300000,0.00032877,1591233458294,False,True
178090478,0.02528300,0.00700000,0.00017698,1591233462142,True,True
178090479,0.02528000,2.56100000,0.06474208,1591233462142,True,True
178090480,0.02527700,1.38600000,0.03503392,1591233462142,True,True
178090481,0.02527800,0.11200000,0.00283113,1591233468832,True,True
178090482,0.02528200,1.39100000,0.03516726,1591233469493,False,True
178090483,0.02527800,3.95400000,0.09994921,1591233469861,True,True
